<?xml version="1.0" encoding="UTF-8"?><collection><record><leader>10706ntm a2200721 a 4500</leader><controlfield tag="001">006768015</controlfield><controlfield tag="003">MiAaHDL</controlfield><controlfield tag="005">20190719000000.0</controlfield><controlfield tag="006">m        d        </controlfield><controlfield tag="007">cr bn ---auaua</controlfield><controlfield tag="008">090504q16981699ua            00| ||ara d</controlfield><datafield tag="035" ind1=" " ind2=" "><subfield code="a">(MiU)006768015</subfield></datafield><datafield tag="035" ind1=" " ind2=" "><subfield code="a">sdr-miu006768015</subfield></datafield><datafield tag="040" ind1=" " ind2=" "><subfield code="a">MiU</subfield><subfield code="c">MiU</subfield><subfield code="e">amremm</subfield></datafield><datafield tag="043" ind1=" " ind2=" "><subfield code="a">n-us-mi</subfield><subfield code="a">ff-----</subfield><subfield code="a">aw-----</subfield><subfield code="a">e-sp---</subfield></datafield><datafield tag="100" ind1="1" ind2=" "><subfield code="6">880-01</subfield><subfield code="a">Damīrī, Muḥammad ibn Mūsá,</subfield><subfield code="d">1341?-1405.</subfield></datafield><datafield tag="245" ind1="1" ind2="0"><subfield code="6">880-03</subfield><subfield code="a">Ḥayāt al-ḥayawān al-kubrá,</subfield><subfield code="f">[1110, i.e. 1698 or 1699].</subfield></datafield><datafield tag="246" ind1="3" ind2=" "><subfield code="i">Edge title:</subfield><subfield code="a">حياة الحيوان</subfield></datafield><datafield tag="260" ind1=" " ind2=" "><subfield code="a">[Egypt?,</subfield><subfield code="c">1698 or 1699].</subfield></datafield><datafield tag="300" ind1=" " ind2=" "><subfield code="a">472 leaves :</subfield><subfield code="b">paper ;</subfield><subfield code="c">300 x 195 (235 x 120) mm. bound to 298 x 207 mm.</subfield></datafield><datafield tag="500" ind1=" " ind2=" "><subfield code="a">Shelfmark: Ann Arbor, University of Michigan, Special Collections Library, Isl. Ms. 122</subfield></datafield><datafield tag="500" ind1=" " ind2=" "><subfield code="a">Origin: As appears in colophon on fol.471a/p.942, composition finished Rajab 773 [January 1372]. As also appears in colohon on fol.471a/p.941, transcription of this copy executed by the owner, Muḥammad Sulaymān ("wa-kāna al-farāgh min kitābat hādhihi al-nuskhah...wa-dhālik ʻalá yad mālikihā") with transcription finished Jumādá II 1110 [Dec 1698 - Jan 1699]. A note following the colophon provides details on the exemplar and its exemplar.</subfield></datafield><datafield tag="500" ind1=" " ind2=" "><subfield code="a">Former shelfmark: British Museum, London "No. 53. Hayat al-hayawan."</subfield></datafield><datafield tag="500" ind1=" " ind2=" "><subfield code="a">Binding: Pasteboards covered in red leather; Type II binding (with flap); board linings / doublures in decorative paper (block-stamped with vegetal design of large blossoms, leaves and berries in blue and red), hinges in red leather ; upper and lower covers carry stamped central mandorla, pendants, cornerpieces, and triangular pieces, all carrying floral compositions, as well as wide border in a series of zig-zag stamps, all over once 'gold'-painted, now white onlays; cover design continues on flap; now sewn in white thread, two stations, now very tightly bound; worked chevron endbands in red and blue over white, excellent conditions; overall in fairly good condition with minor abrasion, lifting of leather, etc.</subfield></datafield><datafield tag="500" ind1=" " ind2=" "><subfield code="a">Support: European laid paper with 10 laid lines per cm. (horizontal), chain lines spaced 22-25 mm. apart (vertical), and watermarks of two circles surmounted by cross itself surmounted by crown (see p.6, 152, 196, etc.) and two circles surmounted by cross flanked by lions (see p.32, 52, 342, etc.), quite sturdy though fairly thin and crisp, extremely well-burnished to glossy; flyleaves of heavier European (specifically Venetian made by the Galvani firm) laid paper with crescent in shield (smiling human profile) watermark and "V G" countermark (compare Walz, The Paper trade of Egypt and the Sudan, 88-9).</subfield></datafield><datafield tag="500" ind1=" " ind2=" "><subfield code="a">Decoration: Fine illuminated headpiece (ʻunwān) on fol.1b, semi-circular piece mainly gold with blue and red accents in vegetal pattern, evokes the miḥrāb; cartouche within lower panel of headpiece blank, flanked by floral designs; rule-borders in red, blue and gold on incipit page and facing page, red rule-borders thereafter throughout; textual dividers in the form of three dots in red and black; text rubricated.</subfield></datafield><datafield tag="500" ind1=" " ind2=" "><subfield code="a">Script: Naskh ; clear Egyptian hand in a medium line; mainly serifless though with occasional right-sloping serifs on free-standing alif, compactly filling the line, adhering to baseline, curvilinear descenders, foot / tail of lām long and flat, pointing mainly in distinct dots, though curves and strokes occasionally used for two and three dots, alif maqṣūrah often pointed as yāʼ, kāf mashqūqah preferred (even final kāf).</subfield></datafield><datafield tag="500" ind1=" " ind2=" "><subfield code="a">Layout: Written in 33 lines per page; frame-ruled (impression of misṭarah evident).</subfield></datafield><datafield tag="500" ind1=" " ind2=" "><subfield code="a">Collation: Appears to be a very regular sequence of quinions followed by a binion, interrupted only by a ternion followed by a binion at fol.41 and a binion at fol.149; middle of the quire marks in the form of dashes in upper corner of the right-hand leaf and lower corner of the left-hand leaf (see fol. 4b-5a, fol.24b-25a, etc.); catchwords present; pagination in pencil, Western numerals.</subfield></datafield><datafield tag="500" ind1=" " ind2=" "><subfield code="a">Colophon: "Scribal," rectangular and triangular, reads "وكفي قال مؤلفه رحمه الله تعلى وكان الفراغ من مسودته في شهر رجب الفرد سنة ثلاث وسبعين وسبعمائة وكان الفراغ من كتابة هذه النسخة في يوم الاثنين المبارك قبل الظهر في شهر جمادى الثاني من شهور سنة عشر ومائة والف من الهحرة النبوية على صاحبها افضل الصلاة واتم التسليم وحسبنا الله ونعم الوكيل وذلك على يد مالكها الفقير المعترف بالذنب والتقصير السيد محمد سليمان ش"</subfield></datafield><datafield tag="500" ind1=" " ind2=" "><subfield code="a">Explicit: "هذا ما انتهى الينا الغرض مما يحصل به في هذا الشان الاكتفا وختم بملك النحل الذي استخرج الله منه الشجاعة ... الذي منه الشجاعة تقتفي وصلى الله وسلم على سيد المرسلين محمد المصطفى ورضي الله عن اله و [...؟] وصحبه اهل الفضل والوفا وحسبنا [؟] الله"</subfield></datafield><datafield tag="500" ind1=" " ind2=" "><subfield code="a">Incipit: "الحمد لله الذي شرف نوع الانسان بالاصغرين القلب واللسان وفضله على سائر الحيوان بنعمتي النطق والبيان ... وبعد فهذا كتاب لم يسالني احد تصنيفه ولا كلفت القريحة تاليفه... واستخرت الله تعالى وهو الكريم المنان في وضع كتاب في هذا الشان وسميته حياة الحيوان ... ورتبته على حروف المعجم ... باب الهمزة"</subfield></datafield><datafield tag="500" ind1=" " ind2=" "><subfield code="a">Title from 'title page' fol.1a.</subfield></datafield><datafield tag="500" ind1=" " ind2=" "><subfield code="a">Ms. codex.</subfield></datafield><datafield tag="510" ind1="4" ind2=" "><subfield code="a">Walz, Terence. "The Paper trade of Egypt and the Sudan in the eighteenth and nineteenth centuries and its re-export to the Bilad as-Sudan." In The Trans-Saharan book trade: manuscript culture, Arabic literacy, and intellectual history in Muslim Africa. Graziano Krätli and Ghislaine Lydon, Eds. (Leiden : Brill, 2011):</subfield><subfield code="c">73-108.</subfield></datafield><datafield tag="520" ind1="8" ind2=" "><subfield code="a">Zoological dictionary, with descriptions of animals arranged in alphabetical order. Text followed by an excerpt from a work of ʻAlī ibn Muḥammad al-Ujhūrī (1559 or 60-1656) and excerpt from "Manāfiʻ al-aʻshāb."</subfield></datafield><datafield tag="538" ind1=" " ind2=" "><subfield code="a">Mode of access: Internet.</subfield></datafield><datafield tag="541" ind1=" " ind2=" "><subfield code="c">Purchase ;</subfield><subfield code="a">Acquired by purchase along with Abdul Hamid Collection (funds donated by Horace Rackham).</subfield><subfield code="d">1924.</subfield></datafield><datafield tag="546" ind1=" " ind2=" "><subfield code="a">Arabic.</subfield></datafield><datafield tag="561" ind1=" " ind2=" "><subfield code="a">Bookplate of British Museum, London on inner front cover, "No. 53. Hayat al-hayawan."; circular seal impression with figure of goat/gazelle in purple ink as well as inscription "227" in Western numerals on recto of front flyleaf; numerous ownership statements on fol.1a (among them notes of sale or purchase) mention such owners as Aḥmad ibn Yaʻqūb al-Ḥakīm and his children, including his daughters Āminah and ʻAtīqah [?], as well as al-Sayyid ʻAbd Allāh ibn ʻAlī ibn Yaḥyá al-Shāmī and his daughter Maymūnah, see: "تعين هذا الكتاب الجليل للشريفتين آمنة وعتيقة بنات السيد احمد الحكيم بالقسمة الصحيحة ... السيد احمد لكتبه بمرقوم شرعي ثم وقع البيع من الشريفتين [...؟] لهذا الكتاب الى السيد عبد الله ابن علي بن يحيى الشامي بثمن معلوم صار قبضهن باطلاعي ثم تعين بالقسمة الشرعية للشريفة ميمونة بنت عبد الله بن علي بن يحيى الشامي ... كتبه السيد محمد بن [...؟] لطف الله به"; circular waqf-seal impression on fol.1a and fol.471a in the name of al-Ḥājj ʻAzzat Pāshā reads, "وقف هذا الكتاب المرحوم المغفور الحاج عزت پاشا"; waqf statements in the upper margin of fol.99b, fol.147b, fol.155b, fol.255b, and fol.398b have been covered with pasted paper, but appear to read: "وقف على ذرية السيد احمد الحكيم..."; study note at close on p.944; many marginal corrections marked with "ظ" for conjecture (fol.343b), inverted caret (fol.9b), and "ن" for nuskhah (fol. 18b, etc.); "ن" also appears as a sign of clarification for cacographic errors (see fol.8a, etc.); numerous notabilia (side-heads) such as "قف وتأمل" and (see fol.29b, etc.); seal of Solomon inscription (with greatest name of God / al-Ism al-Aʻẓam) on fol.470b.</subfield></datafield><datafield tag="650" ind1=" " ind2="0"><subfield code="a">Manuscripts, Arabic</subfield><subfield code="z">Michigan</subfield><subfield code="z">Ann Arbor.</subfield></datafield><datafield tag="650" ind1=" " ind2="0"><subfield code="a">Zoology</subfield><subfield code="v">Pre-Linnean works.</subfield></datafield><datafield tag="650" ind1=" " ind2="0"><subfield code="a">Zoology</subfield><subfield code="z">Islamic Empire</subfield><subfield code="v">Early works to 1800.</subfield></datafield><datafield tag="655" ind1=" " ind2="7"><subfield code="a">Headpieces (layout features)</subfield><subfield code="z">Islamic empire</subfield><subfield code="y">17th century.</subfield><subfield code="2">aat</subfield></datafield><datafield tag="700" ind1="0" ind2=" "><subfield code="6">880-14</subfield><subfield code="a">ʻAlī ibn ʻAbūd ibn Bāḥamdūn,</subfield><subfield code="d">fl. 1840,</subfield><subfield code="e">former owner.</subfield></datafield><datafield tag="700" ind1="0" ind2=" "><subfield code="6">880-13</subfield><subfield code="a">ʻAlī ibn Aḥmad ibn Qāsim al-Munqidhī,</subfield><subfield code="d">fl. 1799,</subfield><subfield code="e">former owner.</subfield></datafield><datafield tag="700" ind1="0" ind2=" "><subfield code="6">880-12</subfield><subfield code="a">Maymūnah bint ʻAbd Allāh ibn ʻAlī ibn Yaḥyá al-Shāmī,</subfield><subfield code="d">fl. late 18th cent.?,</subfield><subfield code="e">former owner.</subfield></datafield><datafield tag="700" ind1="0" ind2=" "><subfield code="6">880-11</subfield><subfield code="a">ʻAbd Allāh ibn ʻAlī ibn Yaḥyá al-Shāmī,</subfield><subfield code="d">fl. 18th cent.?,</subfield><subfield code="e">former owner.</subfield></datafield><datafield tag="700" ind1="0" ind2=" "><subfield code="6">880-10</subfield><subfield code="a">ʻAtīqah bint Aḥmad ibn Yaʻqūb al-Ḥakīm,</subfield><subfield code="d">fl. 18th cent.?,</subfield><subfield code="e">former owner.</subfield></datafield><datafield tag="700" ind1="0" ind2=" "><subfield code="6">880-09</subfield><subfield code="a">Āminah bint Aḥmad ibn Yaʻqūb al-Ḥakīm,</subfield><subfield code="d">fl. 18th cent.?,</subfield><subfield code="e">former owner.</subfield></datafield><datafield tag="700" ind1="0" ind2=" "><subfield code="6">880-07</subfield><subfield code="a">Aḥmad ibn Yaʻqūb al-Ḥakīm,</subfield><subfield code="d">fl. 1763,</subfield><subfield code="e">former owner.</subfield></datafield><datafield tag="700" ind1="0" ind2=" "><subfield code="6">880-05</subfield><subfield code="a">Muḥammad Sulaymān,</subfield><subfield code="d">fl. 1698,</subfield><subfield code="e">scribe,</subfield><subfield code="e">former owner.</subfield></datafield><datafield tag="773" ind1="0" ind2=" "><subfield code="a">Tiflis Collection.</subfield></datafield><datafield tag="880" ind1="0" ind2=" "><subfield code="6">700-14/</subfield><subfield code="a">علي بن عبود باحمدون,</subfield><subfield code="e">مالك سابق.</subfield></datafield><datafield tag="880" ind1="0" ind2=" "><subfield code="6">700-13/</subfield><subfield code="a">علي بن احمد بن قاسم المنقذي,</subfield><subfield code="e">مالك سابق.</subfield></datafield><datafield tag="880" ind1="0" ind2=" "><subfield code="6">700-12/</subfield><subfield code="a">ميمونة بنت عبد الله بن علي بن يحيى الشامي,</subfield><subfield code="e">مالك سابق.</subfield></datafield><datafield tag="880" ind1="0" ind2=" "><subfield code="6">700-11/</subfield><subfield code="a">عبد الله بن علي بن يحيى الشامي,</subfield><subfield code="e">مالك سابق.</subfield></datafield><datafield tag="880" ind1="0" ind2=" "><subfield code="6">700-10/</subfield><subfield code="a">عتيقة بنت احمد بن يعقوب الحكيم,</subfield><subfield code="e">مالك سابق.</subfield></datafield><datafield tag="880" ind1="0" ind2=" "><subfield code="6">700-09/</subfield><subfield code="a">آمنة بنت احمد بن يعقوب الحكيم,</subfield><subfield code="e">مالك سابق.</subfield></datafield><datafield tag="880" ind1="0" ind2=" "><subfield code="6">700-07/</subfield><subfield code="a">احمد بن يعقوب الحكيم,</subfield><subfield code="e">مالك سابق.</subfield></datafield><datafield tag="880" ind1="0" ind2=" "><subfield code="6">700-05/</subfield><subfield code="a">محمد سليمان,</subfield><subfield code="e">ناسخ،</subfield><subfield code="e">مالك سابق.</subfield></datafield><datafield tag="880" ind1="1" ind2="0"><subfield code="6">245-03/</subfield><subfield code="a">حياة الحيوان الكبرى,</subfield><subfield code="f">[1110ه, 1698 أو 1699م].</subfield></datafield><datafield tag="880" ind1="1" ind2=" "><subfield code="6">100-01/</subfield><subfield code="a">دميري، محمد بن موسى</subfield></datafield><datafield tag="CID" ind1=" " ind2=" "><subfield code="a">006768015</subfield></datafield><datafield tag="DAT" ind1="0" ind2=" "><subfield code="a">20190719102635.0</subfield><subfield code="b">20190719000000.0</subfield></datafield><datafield tag="DAT" ind1="1" ind2=" "><subfield code="a">20190719090653.0</subfield><subfield code="b">2019-07-19T16:11:21Z</subfield></datafield><datafield tag="DAT" ind1="2" ind2=" "><subfield code="a">2015-10-10T18:00:06Z</subfield></datafield><datafield tag="CAT" ind1=" " ind2=" "><subfield code="a">SDR-MIU</subfield><subfield code="d">EX LIBRIS - ALEPH</subfield><subfield code="l">prepare.pl-004-008</subfield></datafield><datafield tag="FMT" ind1=" " ind2=" "><subfield code="a">BK</subfield></datafield><datafield tag="HOL" ind1=" " ind2=" "><subfield code="0">sdr-miu006768015</subfield><subfield code="a">MiU</subfield><subfield code="b">SDR</subfield><subfield code="c">MIU</subfield><subfield code="p">mdp.39015079125343</subfield><subfield code="s">MIU</subfield><subfield code="1">006768015</subfield></datafield><datafield tag="974" ind1=" " ind2=" "><subfield code="b">MIU</subfield><subfield code="c">MIU</subfield><subfield code="d">20190719</subfield><subfield code="s">lit-dlps-dc</subfield><subfield code="u">mdp.39015079125343</subfield><subfield code="y">1699</subfield><subfield code="r">pd</subfield><subfield code="q">bib</subfield><subfield code="t">non-US bib date2 &lt; 1896</subfield></datafield></record></collection>